@book {torq-book,
  title     = "Random heterogeneous materials",
  author    = "Torquato, Salvatore",
  publisher = "Springer",
  series    = "Interdisciplinary Applied Mathematics",
  edition   =  2002,
  month     =  apr,
  year      =  2013,
  address   = "New York, NY",
  language  = "en"
}

@book {Aarts-Korst,
  title     = "Simulated annealing and Boltzmann machines",
  author    = "Aarts, Emile and Korst, Jan",
  publisher = "John Wiley \& Sons",
  series    = "Wiley Series in Discrete Mathematics \& Optimization",
  month     =  dec,
  year      =  1988,
  address   = "Chichester, England",
  language  = "en"
}

@techreport{Frost-Heinemann,
  author = {R.~Frost and P.~Heineman},
  title = "Simulated Annealing: A Heuristic for Parallel Stochastic Optimization",
  institution = "San Diego Supercomputer Center",
  year = 1997
}

@article {capek-target,
author = {P.~Čapek, V.~Hejtmánek, L.~Brabec and A.~Zikánová},
title = "Stochastic Reconstruction of Particulate Media Using Simulated Annealing: Improving Pore Connectivity",
journal = "Transp Porous Med",
volume = 76,
pages = {179-198},
year = 2009
}

%Article Number		56002
@article {gerke-target,
author = {Kirill~M.~Gerke and Marina~V.~Karsanina},
title = "Improving stochastic reconstructions by weighting correlation functions in an objective function",
journal = "EPL",
volume = "111",
number = "5",
month = "sep",
year = "2015",
pages = "5"
}
