@book {Torq_book,
author = "S. Torquato",
title = "Random Heterogeneous Materials: Microstructure and Macroscopic Properties",
publisher = "Springer Verlag, New York",
year = 2002, 
}

@book {Sahimi_book,
author = "M. Sahimi",
title = "Heterogeneous Materials I: Linear Transport Properties and Optical Properties",
publisher = "Springer-Verlag, New York",
year = 2003
}

@book {Adler_book,
author = "P. Adler",
title = "Porous media: geometry and transports",
publisher = "Butterworth-Heinemann",
year = 1992
}

@article {cecen,
author = {A. Cecen, Y.C. Yabansu and S. R. Kalidindi},
journal = "Acta Mater.",
number = 158,
pages = {53-64},
year = 2018
}

@article {mortazavi,
author = "B. Mortazavi, J. Bardon, J. A. S. Bomfim and S. Ahzi",
journal = "Comput. Mater. Sci.",
number = 59,
pages = 108,
year = 2012
}

@article {xu,
author = "Y. Xu, S. Chen, P. E. Chen, W. Xu, and Y. Jiao",
journal = "Phys. Rev. E",
number = "96, 043301",
year = 2017
}

@article {karsanina,
author = "M.V. Karsanina, K.M. Gerke, R.V. Vasilyev and D.V. Korost",
journal = "Math. Model. Comput. Simulations",
number = 27,
pages = {50-63},
year = 2015
}

@article {takada,
author = "M. Takada and B. Jain",
journal = "Monthly Notices of the Royal Astronomical Society",
number = 340,
pages = {580-608},
year = 2003
}

@article {berryman,
author = "J. G. Berryman and S. C. Blair",
journal = "J. of Appl. Phys.",
number = 60,
pages = {1930-1938},
year = 1986
}

@article {manwart,
author = "C. Manwart, S. Torquato and R. Hilfer",
journal = "Phys. Rev. E",
number = "62(1)",
pages = 893,
year = 2000
}

@article {izadi,
author = "H. Izadi, M. Baniassadi, A. Hasanabadi, B. Mehrgini, H. Memarian,
H. Soltanian-Zadeh and K. Abrinia",
journal = "Journal of Petroleum Science and Engineering",
number = 149,
pages = {789-800},
year = 2017
}

@article {sevostianova,
author = "E. Sevostianova, B. Leinauer and I. Sevostianov",
journal = "Int. J. of Eng. Sci.",
number = 48,
pages = {1693-1701},
year = 2010
}

@article {gerke,
author = "K. M. Gerke, M. V. Karsanina and E. B. Skvortsova",
title = "Description and reconstruction of the soil pore space using correlation functions.",
journal = "Eurasian Soil Sci.",
number = 45,
pages = {861-872},
year = 2012
}

@article {karsanina2,
authore = "M. V. Karsanina, K. M. Gerke, E. B. Skvortsova and D. Mallants",
journal = "PLoS ONE 10",
number = e0126515,
year = 2015
}

@article {derossi,
author = "A. Derossi, K.M. Gerke, M.V. Karsanina, B. Nicolai, B. Verboven and C. Severini",
journal = "J. of Food Eng.",
number = 241,
pages = {116-126},
year = 2019
}


@article {zhao,
author = "F. Zhao, H. R. Landis and S. J. Skerlos",
journal = "Environ. Sci. Technol.",
number = 39,
pages = 239,
year = 2005
}

@article {gevertz,
author = "J. L. Gevertz and S. Torquato",
journal = "PLoS Comput. Biol.",
number = "4, e1000152",
year = 2008
}

@article {Nan,
author = "H. Nan, L. Liang, G. Chen, L. Liu, R. Liu, and Y. Jiao",
journal = "Phys. Rev. E",
number = "97, 033311",
year = 2018
}

@article {schulter,
author = "S. Schluter and H. J. Vogel",
journal = "Adv. Water Resour.",
number = 34,
pages = 314,
year = 2011
}

@article {quiblier,
author = "J. A. Quiblier",
journal = "J. of Colloid and Interface Sci.",
number = 98,
pages = {84-102},
year = 1984
}

@article {adler,
author = "P.M. Adler, C.G. Jacquin and J.A. Quiblier",
journal = "Int. J. Multiph. Flow",
number = 16,
pages = {691-712},
year = 1990
}

@article {yeong,
author = "C. L. Y. Yeong and S. Torquato",
journal = "Phys. Rev. E",
number = 57,
pages = 495,
year = 1998
}

@article {Li,
author = "H. Li, S. Singh, N. Chawla and Y. Jiao",
journal = "Materials Characterization",
number = 140,
pages = {265-274},
year = 2018
}

@article {barrall,
author = "G. A. Barrall, L. Frydman and G. C. Chingas",
journal = "Science",
number = 255,
pages = {714-717},
year = 1992
}

@article {gommes,
author = "C. J. Gommes",
journal = "Microporous and Mesoporous Materials",
number = 257,
pages = {62-78},
year = 2018
}

@article {radlinski,
author = "A.P. Radlinski, M.A. Ioannidis, A.L. Hinde, M. Hainbuchner, M. Baron,
H. Rauch and S.R. Kline",
journal = "J. Colloid Interface Sci.",
number = 274,
pages = {607-612},
year = 2004
}

@article {Li2,
author = "H. Li, S. Kaira, J. Mertens, N. Chawla and Y. Jiao",
journal = "Journal of Microscopy",
number = 264,
pages = {339-350},
year = 2016
}

@article {Li3,
author = "H. Li, P.E. Chen and Y. Jiao",
journal = "Transp. Porous. Med.",
number = 125,
pages = {5-22},
year = 2017
}

@article {thovert,
author = "J. F. Thovert and P.M. Adler",
journal = "Phys. Rev. E",
number = "83, 056116",
year = 2011
}

@article {gerke2,
author = "K. M. Gerke, M. V. Karsanina and D. Mallants",
journal = "Sci. Rep.",
number = "5, 15880",
year = 2015
}

@article {karsanina3,
author = "M. V. Karsanina, K. M. Gerke, E. B. Skvortsova, A. L. Ivanov and D. Mallants",
journal = "Geoderma",
number = 314,
pages = {138-145},
year = 2018
}

@article {tahmasebi,
author = "P. Tahmasebi and M. Sahimi",
journal = "Phys. Rev. Lett.",
number = "110, 078002",
year = 2013
}

@article {mosser,
author = "L. Mosser, O. Dubrule and M.J. Blunt",
journal = "Phys. Rev. E",
number = "96, 043309",
year = 2017
}

@article {kirkpatrick,
author = "S. Kirkpatrick, C. D. Gelatt and M.P. Vecchi",
journal = "Science",
number = 220,
pages = {671-680},
year = 1983
}

@article {jiao,
authors = "Y. Jiao, F. H. Stillinger and S. Torquato",
journal = "Proc.Natl. Acad. Sci. U.S.A.",
number = "106, 17634",
year = 2009
}

@article {kumar,
author = "H. Kumar, C.L. Briant and W.A. Curtin",
journal = "Mechanics of Materials",
number = 38,
pages = {818-832},
year = 2006
}

@article {gerke3,
author = "K. M. Gerke, M. V. Karsanina, R. V. Vasilyev and D. Mallants",
journal = "EPL",
number = "106, 66002",
year = 2014
}

@article {jiao2,
author = "Y. Jiao and N. Chawla",
journal = "J. of Appl. Phys",
number = "115, 093511",
year = 2014
}

@article {gommes2,
author = "C. J. Gommes, Y. Jiao and S. Torquato",
journal = "Phys. Rev. Lett.",
number = "108, 080601",
year = 2012
}

@article {gommes3,
author = "C. J. Gommes, Y. Jiao and S. Torquato",
journal = "Phys. Rev. E.",
number = "85, 051140",
year = 2012
}

@article {yao,
author = "J. Yao, P. Frykman, F. Kalaydjian, J. F. Thovert and P. M. Adler",
journal = "J. Colloid Interface Sci.",
number = 156,
pages = 478,
yar = 1993
}

@article {rozman,
author = "M. G. Rozman and M. Utz",
journal = "Phys. Rev. Lett.",
number = "89, 135501",
year = 2002
}

@article {gerke4,
author = "K.M. Gerke, R.V. Vasilyev, S. Khirevich, M.V. Karsanina, D. Collins,
T. Sizonenko, D.V., Korost, S. Lamontagne and D. Mallants",
journal = "Computers & Geosciences",
number = 114,
pages = {41-58},
year = 2018
}

@article {čapek,
author = "P. Čapek",
journal = "Transp. Porous. Med.",
number = 125,
pages = 59,
year = 2018
}

@book {campaigne,
author = "W. R. Campaigne, P. Fieguth and S.K. Alexander",
journal = "In International Conference Image Analysis and Recognition",
pages = {41-55},
publisher = "Springer, Berlin, Heidelberg",
year = 2006
}

@book {chen,
author = "D.D. Chen, Q. Teng, X. He, Z. Xu and Z. Li",
journal = "Phys. Rev. E",
number = "89, 013305",
year = 2014
}

@article {pant,
author = "L. M. Pant, S. K. Mitra and M. Secanell",
journal = "Phys. Rev. E",
number = "92, 063303",
year = 2015
}

@article {chen2,
author = "S. Chen, H. Li and Y. Jiao",
journal = "Phys. Rev. E 92",
number = "023301",
year = 2015
}

@article {gerke5,
author = "K. M. Gerke and M.V. Karsanina",
journal = "EPL",
number = "111, 56002",
year = 2015
}

@article {metropolis,
author = "N. Metropolis, A. W. Rosenbluth, M.N. Rosenbluth, A.H. Teller and E. Teller",
journal = "J. Chem. Phys.",
number = 21,
pages = {1087-1092},
year = 1953
}

@article {vesely,
author = "M. Vesely, T. Bultreys, M. Peksa, J. Lang, V. Cnudde, L. van Hoorebeke,
M. Kocirik, V.Hejtmanek, O. Solcova, K. Soukup, K. Gerke, F. Stallmach and P. Capek",
journal = "Transp. Porous. Med.",
number = 110,
pages = {81-111},
year = 2015
}

@article {gerke6,
author = "K. M. Gerke, D. V. Korost, R.V. Vasilyev, M.V. Karsanina and V.P. Tarasovskii",
journal = "Inorganic Materials",
number = 51,
pages = {951-957},
year = 2015
}

@article {miao,
author = "X. Miao, K. M. Gerke and T. O. Sizonenko",
journal = "Adv. Water. Resour.",
number = 105,
pages = {162-172},
year = 2017
}

@article {havelka,
author = "J. Havelka, A. Kučerová and J. Sýkora",
journal = "Comp. Mater. Sci.",
number = 122,
pages = {102-117},
year = 2016
}

@article {ju,
author = "Y. Ju, Y. Huang, J. Zheng, X. Qian, H. Xie and X. Zhao",
journal = "Computers & Geosciences",
number = 101,
pages = {10-20},
year = 2017
}

@article {vanfraneker,
author = "J. J. van Franeker, D. Hermida-Merino, C. Gommes, K. Arapov, J.J Michels, R.A. Janssen
and G. Portale",
journal = "Advanced Functional Materials",
number = "27, 1702516",
year = 2017
}

@comment This one is especially hard to parse
@article {gerke7,
author = "K.M. Gerke, M.V. Karsanina, T.O. Sizonenko, X. Miao, D.R. Gafurova and D.V. Korost",
journal = "SPE",
title = "187874 Technical paper",
number = "DOI: 10.2118/187874-MS",
year = 2017
}

@article {mastalerz,
author = "M. Mastalerz, L. He, Y.B. Melnichenko and J.A. Rupp",
journal = "Energy & Fuels",
number = 26,
pages = {5109-5120},
year = 2012
}

@article {gommes4,
author = "C. J. Gommes",
journal = "J. Appl. Crystallography",
number = 49,
pages = {1162-1176},
year = 2016
}

@article {tahmasebi,
author = "P. Tahmasebi and M. Sahimi",
journal = "Phys. Rev. E",
number = "91, 032401",
journal = 2015
}
